<?xml version="1.0" encoding="UTF-8"?><collection xmlns="http://www.loc.gov/MARC21/slim"><record><leader>00465nam--2200145-i-4500</leader><controlfield tag="001">000008043</controlfield><controlfield tag="002">20161230</controlfield><controlfield tag="005">20170305203036</controlfield><controlfield tag="008">060222s1000------------r-----000-0-eng-d</controlfield><datafield ind1=" " ind2=" " tag="100"><subfield code="a">Danciu, E</subfield></datafield><datafield ind1=" " ind2=" " tag="245"><subfield code="a">Echilibrul lichid-vapori. Corelarea datelor experimentale si utilizarea lr in conducerea unor procese chimice. Eutoreferatul tezei de doctorat</subfield></datafield><datafield ind1=" " ind2=" " tag="260"><subfield code="a">Bucuresti</subfield><subfield code="b">Inst.Politehnic</subfield><subfield code="c">1967</subfield></datafield><datafield ind1=" " ind2=" " tag="300"><subfield code="a">115 p</subfield></datafield><datafield ind1=" " ind2=" " tag="852"><subfield code="a">541.1</subfield></datafield><datafield ind1=" " ind2=" " tag="CAT"><subfield code="a">SYS</subfield><subfield code="c">20170305</subfield><subfield code="h">203036</subfield></datafield></record></collection>